<collection xmlns="http://www.loc.gov/MARC21/slim"><record><leader>00813nam  2200253   450</leader><controlfield tag="001">552</controlfield><controlfield tag="003">http://montalegre.opacnet.com/OPAC/default.aspx?ContentAreaControl=ShowRegHoldings.ascx&amp;RegNo=16662</controlfield><controlfield tag="005">20</controlfield><datafield tag="010" ind1=" " ind2=" "><subfield code="a">972-709-012-5</subfield></datafield><datafield tag="021" ind1=" " ind2=" "><subfield code="a">PT</subfield><subfield code="b">33290/89</subfield></datafield><datafield tag="100" ind1=" " ind2=" "><subfield code="a">19910520d1990    k  y0pory010305  ba</subfield></datafield><datafield tag="101" ind1="1" ind2=" "><subfield code="a">por</subfield><subfield code="b">eng</subfield><subfield code="c">rus</subfield></datafield><datafield tag="102" ind1=" " ind2=" "><subfield code="a">PT</subfield></datafield><datafield tag="200" ind1="1" ind2=" "><subfield code="a">Ardabiola</subfield><subfield code="f">Ievgueni Ievtuchenko</subfield><subfield code="g">trad.: B. Siqueira Abräo</subfield></datafield><datafield tag="210" ind1=" " ind2=" "><subfield code="a">[Lisboa]</subfield><subfield code="c">Difusão Cultural</subfield><subfield code="d">[1990]</subfield></datafield><datafield tag="215" ind1=" " ind2=" "><subfield code="a">141 p.</subfield><subfield code="d">21 cm</subfield></datafield><datafield tag="304" ind1=" " ind2=" "><subfield code="a">Tít. ori.: Ardabiola</subfield></datafield><datafield tag="606" ind1=" " ind2=" "><subfield code="a">Literatura russa</subfield></datafield><datafield tag="675" ind1=" " ind2=" "><subfield code="a">821</subfield><subfield code="v">BN</subfield><subfield code="z">por</subfield></datafield><datafield tag="700" ind1=" " ind2="1"><subfield code="a">Ievtuchenko</subfield><subfield code="b">Ievgueni</subfield><subfield code="f">1933-</subfield></datafield><datafield tag="702" ind1=" " ind2="1"><subfield code="a">Abrão</subfield><subfield code="b">B. Siqueira</subfield><subfield code="4">730</subfield></datafield><datafield tag="801" ind1=" " ind2="0"><subfield code="a">PT</subfield><subfield code="b">Biblioteca Municipal de Montalegre</subfield><subfield code="g">RPC</subfield></datafield><datafield tag="856" ind1=" " ind2=" "><subfield code="u">locateMedia.asp?cod=20060518113045&amp;ext=jpg</subfield><subfield code="z">CAPA</subfield></datafield><datafield tag="909" ind1="&#9;" ind2=" "><subfield code="a">2</subfield></datafield><datafield tag="966" ind1=" " ind2=" "><subfield code="a">0008638</subfield><subfield code="l">BMM</subfield><subfield code="s">SCG 821 IEV ard</subfield></datafield><datafield tag="966" ind1=" " ind2=" "><subfield code="a">0008639</subfield><subfield code="l">BMM</subfield><subfield code="s">SCG 821 IEV arb</subfield></datafield></record></collection>